<record><leader>00000cas a2200000 a 4500</leader><controlfield tag="001">14077786</controlfield><controlfield tag="008">860812d18341836maucr ne      0    0eng  </controlfield><datafield ind1=" " ind2=" " tag="010"><subfield code="a">sn 86071817 </subfield></datafield><datafield ind1=" " ind2=" " tag="040"><subfield code="a">DLC</subfield><subfield code="b">eng</subfield><subfield code="c">DLC</subfield><subfield code="d">MGN</subfield><subfield code="d">NVF</subfield><subfield code="d">OCL</subfield><subfield code="d">KRTAS</subfield><subfield code="d">OCLCO</subfield><subfield code="d">OCLCQ</subfield><subfield code="d">OCLCA</subfield><subfield code="d">OCLCF</subfield></datafield><datafield ind1="1" ind2=" " tag="029"><subfield code="a">AU@</subfield><subfield code="b">000025792385</subfield></datafield><datafield ind1=" " ind2=" " tag="042"><subfield code="a">pcc</subfield></datafield><datafield ind1=" " ind2=" " tag="043"><subfield code="a">n-us-ma</subfield></datafield><datafield ind1="0" ind2="0" tag="050"><subfield code="a">Newspaper 8160-X</subfield></datafield><datafield ind1="0" ind2=" " tag="130"><subfield code="a">Landmark (Salem, Mass.)</subfield></datafield><datafield ind1="1" ind2="4" tag="245"><subfield code="a">The landmark.</subfield></datafield><datafield ind1=" " ind2=" " tag="260"><subfield code="a">Salem, Mass. :</subfield><subfield code="b">Ferdinand Andrews [for the proprietors]</subfield></datafield><datafield ind1=" " ind2=" " tag="300"><subfield code="a">v.</subfield></datafield><datafield ind1=" " ind2=" " tag="310"><subfield code="a">Semiweekly</subfield></datafield><datafield ind1="0" ind2=" " tag="362"><subfield code="a">Vol. 1, no. 1 (Aug. 20, 1834)-v. 3, no. 21 (Nov. 2, 1836) = -whole no. 229.</subfield></datafield><datafield ind1=" " ind2="0" tag="651"><subfield code="a">Salem (Mass.)</subfield><subfield code="v">Newspapers.</subfield></datafield><datafield ind1=" " ind2="7" tag="655"><subfield code="a">Newspapers.</subfield><subfield code="2">fast</subfield><subfield code="0">(OCoLC)fst01423814</subfield></datafield><datafield ind1=" " ind2="7" tag="651"><subfield code="a">Massachusetts</subfield><subfield code="z">Salem.</subfield><subfield code="2">fast</subfield><subfield code="0">(OCoLC)fst01205839</subfield></datafield><datafield ind1=" " ind2=" " tag="752"><subfield code="a">United States</subfield><subfield code="b">Massachusetts</subfield><subfield code="c">Essex</subfield><subfield code="d">Salem.</subfield></datafield><datafield ind1=" " ind2=" " tag="938"><subfield code="a">Kirtas Technologies, Inc.</subfield><subfield code="b">KRTS</subfield><subfield code="n">739693</subfield></datafield></record>